@ARTICLE{2018arXiv180201783S,
       author = {{Schwamb}, Megan E. and {Jones}, R. Lynne and {Chesley}, Steven R. and {Fitzsimmons}, Alan and {Fraser}, Wesley C. and {Holman}, Matthew J. and {Hsieh}, Henry and {Ragozzine}, Darin and {Thomas}, Cristina A. and {Trilling}, David E. and {Brown}, Michael E. and {Bannister}, Michele T. and {Bodewits}, Dennis and {de Val-Borro}, Miguel and {Gerdes}, David and {Granvik}, Mikael and {Kelley}, Michael S.~P. and {Knight}, Matthew M. and {Seaman}, Robert L. and {Ye}, Quan-Zhi and {Young}, Leslie A.},
        title = "{Large Synoptic Survey Telescope Solar System Science Roadmap}",
      journal = {arXiv e-prints},
     keywords = {Astrophysics - Earth and Planetary Astrophysics, Astrophysics - Instrumentation and Methods for Astrophysics},
         year = 2018,
        month = feb,
          eid = {arXiv:1802.01783},
        pages = {arXiv:1802.01783},
          doi = {10.48550/arXiv.1802.01783},
archivePrefix = {arXiv},
       eprint = {1802.01783},
 primaryClass = {astro-ph.EP},
       adsurl = {https://ui.adsabs.harvard.edu/abs/2018arXiv180201783S},
      adsnote = {Provided by the SAO/NASA Astrophysics Data System}
}

@ARTICLE{2020RNAAS...4...40H,
       author = {{Hambleton}, K. and {Bianco}, F. and {Clementini}, G. and {Dall'Ora}, M. and {Egeland}, R. and {Hernitschek}, N. and {Lund}, M.~B. and {Musella}, I. and {Pr{\v{s}}a}, A. and {Ripepi}, V. and {Stassun}, K.~G. and {Street}, R.~A. and {Szab{\'o}}, R. and {Rubin Observatory Transients} and {Variable Stars Science Collaboration}},
        title = "{Impact of Rubin Observatory LSST Template Acquisition Strategies on Early Science from the Transients and Variable Stars Science Collaboration: Non-time-critical Science Cases}",
      journal = {Research Notes of the American Astronomical Society},
     keywords = {Optical observatories, Ground-based astronomy, Time domain astronomy, 1170, 686, 2109},
         year = 2020,
        month = mar,
       volume = {4},
       number = {3},
          eid = {40},
        pages = {40},
          doi = {10.3847/2515-5172/ab8129},
       adsurl = {https://ui.adsabs.harvard.edu/abs/2020RNAAS...4...40H},
      adsnote = {Provided by the SAO/NASA Astrophysics Data System}
}

@ARTICLE{2020RNAAS...4...41S,
       author = {{Street}, R.~A. and {Bianco}, F.~B. and {Bonito}, R. and {Giannini}, T. and {Graham}, M.~L. and {Margutti}, R. and {Mason}, E. and {Pastorello}, A. and {Stroh}, M.~C. and {Szkody}, P. and {Velzen}, S. van. and {Vink}, J.~S. and {Rubin Observatory Transients} and {Variable Stars Science Collaboration}},
        title = "{Impact of Rubin Observatory LSST Template Acquisition Strategies on Early Science from the Transients and Variable Stars Science Collaboration: Time-critical Science Cases}",
      journal = {Research Notes of the American Astronomical Society},
     keywords = {Time domain astronomy, Ground-based astronomy, Optical observatories, 2109, 686, 1170},
         year = 2020,
        month = mar,
       volume = {4},
       number = {3},
          eid = {41},
        pages = {41},
          doi = {10.3847/2515-5172/ab812a},
       adsurl = {https://ui.adsabs.harvard.edu/abs/2020RNAAS...4...41S},
      adsnote = {Provided by the SAO/NASA Astrophysics Data System}
}

@ARTICLE{2021RNAAS...5..143S,
       author = {{Schwamb}, Megan E. and {Juri{\'c}}, Mario and {Bolin}, Bryce T. and {Dones}, Luke and {Greenstreet}, Sarah and {Hsieh}, Henry H. and {Inno}, Laura and {Jones}, R. Lynne and {Kelley}, Michael S.~P. and {Knight}, Matthew M. and {Reach}, William T. and {Seccull}, Tom and {Snodgrass}, Colin and {Trilling}, David E. and {Vera C. Rubin Observatory LSST Solar System Science Collaboration}},
        title = "{Year 1 of the Legacy Survey of Space and Time (LSST): Recommendations for Template Production to Enable Solar System Small Body Transient and Time Domain Science}",
      journal = {Research Notes of the American Astronomical Society},
     keywords = {Centaurs group, Small solar system bodies, Comets, Main belt asteroids, Near-Earth objects, 215, 1469, 280, 2036, 1092},
         year = 2021,
        month = jun,
       volume = {5},
       number = {6},
          eid = {143},
        pages = {143},
          doi = {10.3847/2515-5172/ac090f},
       adsurl = {https://ui.adsabs.harvard.edu/abs/2021RNAAS...5..143S},
      adsnote = {Provided by the SAO/NASA Astrophysics Data System}
}

@article{RubinDataProductsAbridged,
	abstractnote = {<p>This presentation&nbsp;supplies a brief, informal summary of the planned Rubin Observatory data products and analysis tools, and outlines the boundary between what Rubin Observatory will provide and what will be left to the expertise of the science community. The primary target audience of this presentation is scientists writing or reviewing funding proposals that include preparatory work for science with Rubin Observatory and its Legacy Survey of Space and Time (LSST).</p>},
	author = {Melissa Graham},
	doi = {10.5281/zenodo.7011229},
	journal = {\textit{The Rubin Data Products, Abridged.} Zenodo},
	month = {Aug},
	title = {The Rubin Data Products, Abridged (2022)},
	year = {2022},
	bdsk-url-1 = {https://doi.org/10.5281/zenodo.7011229}}
